@article{Abel_etal:12,
author = {{Abel}, T. and {Hahn}, O. and {Kaehler}, R.},
title = "{Tracing the dark matter sheet in phase space}",
journal = {MNRAS},
archivePrefix = "arXiv",
eprint = {1111.3944},
primaryClass = "astro-ph.CO",
 keywords = {methods: numerical, galaxies: formation, cosmology: theory, dark matter, large-scale structure of Universe},
year = 2012,
month = nov,
volume = 427,
pages = {61-76},
doi = {10.1111/j.1365-2966.2012.21754.x},
adsurl = {http://adsabs.harvard.edu/abs/2012MNRAS.427...61A},
adsnote = {Provided by the SAO/NASA Astrophysics Data System}
}

@ARTICLE{Arnold_etal:82,
author = {{Arnold}, V.~I. and {Shandarin}, S.~F. and {Zeldovich}, Ya.~B.},
title = "{The large scale structure of the universe. I - General properties One- and two-dimensional models}",
journal = {Geophysical and Astrophysical Fluid Dynamics},
keywords = {Astronomical Models, Big Bang Cosmology, Two Dimensional Models, Universe, Adiabatic Conditions, Density Distribution, Perturbation Theory, Saddle Points, Singularity (Mathematics)},
year = 1982,
volume = 20,
pages = {111-130},
doi = {10.1080/03091928208209001},
adsurl = {http://adsabs.harvard.edu/abs/1982GApFD..20..111A},
adsnote = {Provided by the SAO/NASA Astrophysics Data System}
}

@ARTICLE{Aragon_etal:10,
   author = {{Arag{\'o}n-Calvo}, M.~A. and {van de Weygaert}, R. and {Jones}, B.~J.~T.
	},
    title = "{Multiscale phenomenology of the cosmic web}",
  journal = {\mnras},
archivePrefix = "arXiv",
   eprint = {1007.0742},
 primaryClass = "astro-ph.CO",
 keywords = {methods: data analysis, methods: numerical, cosmology: theory, large-scale structure of Universe},
     year = 2010,
    month = nov,
   volume = 408,
    pages = {2163-2187},
      doi = {10.1111/j.1365-2966.2010.17263.x},
   adsurl = {http://adsabs.harvard.edu/abs/2010MNRAS.408.2163A},
  adsnote = {Provided by the SAO/NASA Astrophysics Data System}
}

@ARTICLE{Ascasibar_Binney:05,
   author = {{Ascasibar}, Y. and {Binney}, J.},
    title = "{Numerical estimation of densities}",
  journal = {\mnras},
   eprint = {astro-ph/0409233},
 keywords = {methods: data analysis, methods: numerical, galaxies: haloes, galaxies: kinematics and dynamics, dark matter},
     year = 2005,
    month = jan,
   volume = 356,
    pages = {872-882},
      doi = {10.1111/j.1365-2966.2004.08480.x},
   adsurl = {http://adsabs.harvard.edu/abs/2005MNRAS.356..872A},
  adsnote = {Provided by the SAO/NASA Astrophysics Data System}
}


@ARTICLE{Angulo_etal:13,
   author = {{Angulo}, R.~E. and {Hahn}, O. and {Abel}, T.},
    title = "{The warm dark matter halo mass function below the cut-off scale}",
  journal = {\mnras},
archivePrefix = "arXiv",
   eprint = {1304.2406},
 primaryClass = "astro-ph.CO",
 keywords = {cosmology: theory, large-scale structure of Universe},
     year = 2013,
    month = oct,
   volume = 434,
    pages = {3337-3347},
      doi = {10.1093/mnras/stt1246},
   adsurl = {http://adsabs.harvard.edu/abs/2013MNRAS.434.3337A},
  adsnote = {Provided by the SAO/NASA Astrophysics Data System}
}

@ARTICLE{Angulo_etal:13a,
   author = {{Angulo}, R.~E. and {Hahn}, O. and {Abel}, T.},
    title = "{How closely do baryons follow dark matter on large scales?}",
  journal = {\mnras},
archivePrefix = "arXiv",
   eprint = {1301.7426},
 primaryClass = "astro-ph.CO",
 keywords = {cosmology: theory, large-scale structure of Universe},
     year = 2013,
    month = sep,
   volume = 434,
    pages = {1756-1764},
      doi = {10.1093/mnras/stt1135},
   adsurl = {http://adsabs.harvard.edu/abs/2013MNRAS.434.1756A},
  adsnote = {Provided by the SAO/NASA Astrophysics Data System}
}


@ARTICLE{Bond_etal:96,
   author = {{Bond}, J.~R. and {Kofman}, L. and {Pogosyan}, D.},
    title = "{How filaments of galaxies are woven into the cosmic web}",
  journal = {\nat},
   eprint = {astro-ph/9512141},
     year = 1996,
    month = apr,
   volume = 380,
    pages = {603-606},
      doi = {10.1038/380603a0},
   adsurl = {http://adsabs.harvard.edu/abs/1996Natur.380..603B},
  adsnote = {Provided by the SAO/NASA Astrophysics Data System}
}

@ARTICLE{Cautun_etal:14,
   author = {{Cautun}, M. and {van de Weygaert}, R. and {Jones}, B.~J.~T. and 
	{Frenk}, C.~S.},
    title = "{Evolution of the cosmic web}",
  journal = {\mnras},
archivePrefix = "arXiv",
   eprint = {1401.7866},
 keywords = {methods: data analysis, cosmology: theory, large-scale structure of Universe},
     year = 2014,
    month = jul,
   volume = 441,
    pages = {2923-2973},
      doi = {10.1093/mnras/stu768},
   adsurl = {http://adsabs.harvard.edu/abs/2014MNRAS.441.2923C},
  adsnote = {Provided by the SAO/NASA Astrophysics Data System}
}

@ARTICLE{Colberg_etal:08,
   author = {{Colberg}, J.~M. and {Pearce}, F. and {Foster}, C. and {Platen}, E. and 
	{Brunino}, R. and {Neyrinck}, M. and {Basilakos}, S. and {Fairall}, A. and 
	{Feldman}, H. and {Gottl{\"o}ber}, S. and {Hahn}, O. and {Hoyle}, F. and 
	{M{\"u}ller}, V. and {Nelson}, L. and {Plionis}, M. and {Porciani}, C. and 
	{Shandarin}, S. and {Vogeley}, M.~S. and {van de Weygaert}, R.
	},
    title = "{The Aspen-Amsterdam void finder comparison project}",
  journal = {\mnras},
archivePrefix = "arXiv",
   eprint = {0803.0918},
 keywords = {methods: N-body simulations , cosmology: theory , dark matter , large-scale structure of Universe},
     year = 2008,
    month = jun,
   volume = 387,
    pages = {933-944},
      doi = {10.1111/j.1365-2966.2008.13307.x},
   adsurl = {http://adsabs.harvard.edu/abs/2008MNRAS.387..933C},
  adsnote = {Provided by the SAO/NASA Astrophysics Data System}
}

@ARTICLE{Davis_al:1985,
   author = {{Davis}, M. and {Efstathiou}, G. and {Frenk}, C.~S. and {White}, S.~D.~M.
	},
    title = "{The evolution of large-scale structure in a universe dominated by cold dark matter}",
  journal = {\apj},
 keywords = {Computational Astrophysics, Cosmology, Galactic Clusters, Galactic Evolution, Missing Mass (Astrophysics), Weak Interactions (Field Theory), Astronomical Models, Computerized Simulation, Correlation, Many Body Problem, Mass Distribution, Mass To Light Ratios, Matter (Physics), Radial Velocity, Red Shift},
     year = 1985,
    month = may,
   volume = 292,
    pages = {371-394},
      doi = {10.1086/163168},
   adsurl = {http://adsabs.harvard.edu/abs/1985ApJ...292..371D},
  adsnote = {Provided by the SAO/NASA Astrophysics Data System}
}

@ARTICLE{Diemand_etal:05,
   author = {{Diemand}, J. and {Moore}, B. and {Stadel}, J.},
    title = "{Earth-mass dark-matter haloes as the first structures in the early Universe}",
  journal = {\nat},
   eprint = {astro-ph/0501589},
     year = 2005,
    month = jan,
   volume = 433,
    pages = {389-391},
      doi = {10.1038/nature03270},
   adsurl = {http://adsabs.harvard.edu/abs/2005Natur.433..389D},
  adsnote = {Provided by the SAO/NASA Astrophysics Data System}
}

@ARTICLE{Dubois_etal:14,
   author = {{Dubois}, Y. and {Pichon}, C. and {Welker}, C. and {Le Borgne}, D. and 
	{Devriendt}, J. and {Laigle}, C. and {Codis}, S. and {Pogosyan}, D. and 
	{Arnouts}, S. and {Benabed}, K. and {Bertin}, E. and {Blaizot}, J. and 
	{Bouchet}, F. and {Cardoso}, J.-F. and {Colombi}, S. and {de Lapparent}, V. and 
	{Desjacques}, V. and {Gavazzi}, R. and {Kassin}, S. and {Kimm}, T. and 
	{McCracken}, H. and {Milliard}, B. and {Peirani}, S. and {Prunet}, S. and 
	{Rouberol}, S. and {Silk}, J. and {Slyz}, A. and {Sousbie}, T. and 
	{Teyssier}, R. and {Tresse}, L. and {Treyer}, M. and {Vibert}, D. and 
	{Volonteri}, M.},
    title = "{Dancing in the dark: galactic properties trace spin swings along the cosmic web}",
  journal = {\mnras},
archivePrefix = "arXiv",
   eprint = {1402.1165},
 keywords = {methods: numerical, galaxies: evolution, galaxies: formation, galaxies: kinematics and dynamics, cosmology: theory, large-scale structure of Universe},
     year = 2014,
    month = oct,
   volume = 444,
    pages = {1453-1468},
      doi = {10.1093/mnras/stu1227},
   adsurl = {http://adsabs.harvard.edu/abs/2014MNRAS.444.1453D},
  adsnote = {Provided by the SAO/NASA Astrophysics Data System}
}

@ARTICLE{Elahi_etal:13,
   author = {{Elahi}, P.~J. and {Han}, J. and {Lux}, H. and {Ascasibar}, Y. and 
	{Behroozi}, P. and {Knebe}, A. and {Muldrew}, S.~I. and {Onions}, J. and 
	{Pearce}, F.},
    title = "{Streams going Notts: the tidal debris finder comparison project}",
  journal = {MNRAS},
archivePrefix = "arXiv",
   eprint = {1305.2448},
 primaryClass = "astro-ph.CO",
 keywords = {methods: numerical, galaxies: evolution, galaxies: haloes, cosmology: theory, dark matter},
     year = 2013,
    month = aug,
   volume = 433,
    pages = {1537-1555},
      doi = {10.1093/mnras/stt825},
   adsurl = {http://adsabs.harvard.edu/abs/2013MNRAS.433.1537E},
  adsnote = {Provided by the SAO/NASA Astrophysics Data System}
}

@ARTICLE{Flack_etal:12,
   author = {{Falck}, B.~L. and {Neyrinck}, M.~C. and {Szalay}, A.~S.},
    title = "{ORIGAMI: Delineating Halos Using Phase-space Folds}",
  journal = {\apj},
archivePrefix = "arXiv",
   eprint = {1201.2353},
 keywords = {dark matter, galaxies: halos, large-scale structure of universe, methods: numerical},
     year = 2012,
    month = aug,
   volume = 754,
      eid = {126},
    pages = {126},
      doi = {10.1088/0004-637X/754/2/126},
   adsurl = {http://adsabs.harvard.edu/abs/2012ApJ...754..126F},
  adsnote = {Provided by the SAO/NASA Astrophysics Data System}
}

@ARTICLE{Falck_Neyrinck:14_OLD,
   author = {{Falck}, B. and {Neyrinck}, M.~C.},
    title = "{The Persistent Percolation of Single-Stream Voids}",
  journal = {ArXiv e-prints},
archivePrefix = "arXiv",
   eprint = {1410.4751},
 keywords = {Astrophysics - Cosmology and Nongalactic Astrophysics},
     year = 2014,
    month = oct,
   adsurl = {http://adsabs.harvard.edu/abs/2014arXiv1410.4751F},
  adsnote = {Provided by the SAO/NASA Astrophysics Data System}
}

@ARTICLE{Flack_Neyrinck:14,
   author = {{Falck}, B. and {Neyrinck}, M.~C.},
    title = "{The persistent percolation of single-stream voids}",
  journal = {\mnras},
archivePrefix = "arXiv",
   eprint = {1410.4751},
 keywords = {methods: numerical, dark matter, large-scale structure of Universe},
     year = 2015,
    month = jul,
   volume = 450,
    pages = {3239-3253},
      doi = {10.1093/mnras/stv879},
   adsurl = {http://adsabs.harvard.edu/abs/2015MNRAS.450.3239F},
  adsnote = {Provided by the SAO/NASA Astrophysics Data System}
}

@ARTICLE{Forero_etal:09,
   author = {{Forero-Romero}, J.~E. and {Hoffman}, Y. and {Gottl{\"o}ber}, S. and 
	{Klypin}, A. and {Yepes}, G.},
    title = "{A dynamical classification of the cosmic web}",
  journal = {\mnras},
archivePrefix = "arXiv",
   eprint = {0809.4135},
 keywords = {methods: numerical , cosmology: large-scale structure of Universe},
     year = 2009,
    month = jul,
   volume = 396,
    pages = {1815-1824},
      doi = {10.1111/j.1365-2966.2009.14885.x},
   adsurl = {http://adsabs.harvard.edu/abs/2009MNRAS.396.1815F},
  adsnote = {Provided by the SAO/NASA Astrophysics Data System}
}

@ARTICLE{Frenk_etal:83,
   author = {{Frenk}, C.~S. and {White}, S.~D.~M. and {Davis}, M.},
    title = "{Nonlinear evolution of large-scale structure in the universe}",
  journal = {\apj},
 keywords = {Astronomical Models, Cosmology, Galactic Evolution, Correlation, Many Body Problem, Neutrinos, Poisson Density Functions, Quasars, Temporal Distribution, Velocity Distribution},
     year = 1983,
    month = aug,
   volume = 271,
    pages = {417-430},
      doi = {10.1086/161209},
   adsurl = {http://adsabs.harvard.edu/abs/1983ApJ...271..417F},
  adsnote = {Provided by the SAO/NASA Astrophysics Data System}
}

@ARTICLE{Ghigna_etal:98,
   author = {{Ghigna}, S. and {Moore}, B. and {Governato}, F. and {Lake}, G. and 
	{Quinn}, T. and {Stadel}, J.},
    title = "{Dark matter haloes within clusters}",
  journal = {\mnras},
   eprint = {astro-ph/9801192},
 keywords = {METHODS: NUMERICAL, GALAXIES: CLUSTERS: GENERAL, GALAXIES: HALOES, COSMOLOGY: THEORY, DARK MATTER, LARGE-SCALE STRUCTURE OF UNIVERSE},
     year = 1998,
    month = oct,
   volume = 300,
    pages = {146-162},
      doi = {10.1046/j.1365-8711.1998.01918.x},
   adsurl = {http://adsabs.harvard.edu/abs/1998MNRAS.300..146G},
  adsnote = {Provided by the SAO/NASA Astrophysics Data System}
}

  @ARTICLE{Gurbatov_etal:89,
   author = {{Gurbatov}, S.~N. and {Saichev}, A.~I. and {Shandarin}, S.~F.},
    title = "{The large-scale structure of the universe in the frame of the model equation of non-linear diffusion}",
  journal = {\mnras},
 keywords = {Astronomical Models, Cosmology, Diffusion, Evolution (Development), Universe, Asymptotic Methods, Density Distribution, Gravitational Effects, Velocity Distribution},
     year = 1989,
    month = jan,
   volume = 236,
    pages = {385-402},
   adsurl = {http://adsabs.harvard.edu/abs/1989MNRAS.236..385G},
  adsnote = {Provided by the SAO/NASA Astrophysics Data System}
}

@ARTICLE{Gurbatov_etal:12,
   author = {{Gurbatov}, S.~N. and {Saichev}, A.~I. and {Shandarin}, S.~F.
	},
    title = "{Large-scale structure of the Universe. The Zeldovich approximation and the adhesion model}",
  journal = {Physics Uspekhi},
     year = 2012,
    month = mar,
   volume = 55,
    pages = {223-249},
      doi = {10.3367/UFNe.0182.201203a.0233},
   adsurl = {http://adsabs.harvard.edu/abs/2012PhyU...55..223G},
  adsnote = {Provided by the SAO/NASA Astrophysics Data System}
}

@ARTICLE{Hahn_etal:07,
   author = {{Hahn}, O. and {Carollo}, C.~M. and {Porciani}, C. and {Dekel}, A.
	},
    title = "{The evolution of dark matter halo properties in clusters, filaments, sheets and voids}",
  journal = {\mnras},
archivePrefix = "arXiv",
   eprint = {0704.2595},
 keywords = {methods: N-body simulations, galaxies: haloes, cosmology: theory, dark matter, large-scale structure of Universe},
     year = 2007,
    month = oct,
   volume = 381,
    pages = {41-51},
      doi = {10.1111/j.1365-2966.2007.12249.x},
   adsurl = {http://adsabs.harvard.edu/abs/2007MNRAS.381...41H},
  adsnote = {Provided by the SAO/NASA Astrophysics Data System}
}

@ARTICLE{Hahn_etal:14,
   author = {{Hahn}, O. and {Angulo}, R.~E. and {Abel}, T.},
    title = "{The Properties of Cosmic Velocity Fields}",
  journal = {ArXiv e-prints},
archivePrefix = "arXiv",
   eprint = {1404.2280},
 keywords = {Astrophysics - Cosmology and Nongalactic Astrophysics},
     year = 2014,
    month = apr,
   adsurl = {http://adsabs.harvard.edu/abs/2014arXiv1404.2280H},
  adsnote = {Provided by the SAO/NASA Astrophysics Data System}
}

@ARTICLE{Hidding_etal:12,
   author = {{Hidding}, J. and {van de Weygaert}, R. and {Vegter}, G. and {Jones}, B.~J.~T. },
    title = "{Adhesion and the Geometry of the Cosmic Web}",
  journal = {arXiv},
archivePrefix = "arXiv",
   eprint = {1211.5385},
 primaryClass = "astro-ph.CO",
 keywords = {methods: analytical, methods: numerical, cosmology: theory, cosmic web, adhesion model},
     year = 2012,
    month = nov,
   volume = {1211.5385},
    pages = {1-3},
      doi = {10.1093/mnras/stt2142},
   adsurl = {http://adsabs.harvard.edu/abs/2014MNRAS.437.3442H},
  adsnote = {Provided by the SAO/NASA Astrophysics Data System}
  }
  
@ARTICLE{Hidding_etal:14,
   author = {{Hidding}, J. and {Shandarin}, S.~F. and {van de Weygaert}, R.},
    title = "{The Zel'dovich approximation: key to understanding cosmic web complexity}",
  journal = {MNRAS},
archivePrefix = "arXiv",
   eprint = {1311.7134},
 primaryClass = "astro-ph.CO",
 keywords = {methods: analytical, methods: numerical, cosmology: theory, dark matter, large-scale structure of Universe},
     year = 2014,
    month = feb,
   volume = 437,
    pages = {3442-3472},
      doi = {10.1093/mnras/stt2142},
   adsurl = {http://adsabs.harvard.edu/abs/2014MNRAS.437.3442H},
  adsnote = {Provided by the SAO/NASA Astrophysics Data System}
  }
  
@ARTICLE{Hoffmann_etal:14,
   author = {{Hoffmann}, K. and {Planelles}, S. and {Gazta{\~n}aga}, E. and 
	{Knebe}, A. and {Pearce}, F.~R. and {Lux}, H. and {Onions}, J. and 
	{Muldrew}, S.~I. and {Elahi}, P. and {Behroozi}, P. and {Ascasibar}, Y. and 
	{Han}, J. and {Maciejewski}, M. and {Merchan}, M.~E. and {Neyrinck}, M. and 
	{Ruiz}, A.~N. and {Sgro}, M.~A.},
    title = "{Subhaloes gone Notts: subhaloes as tracers of the dark matter halo shape}",
  journal = {\mnras},
archivePrefix = "arXiv",
   eprint = {1401.2060},
 keywords = {methods: numerical, galaxies: haloes, cosmology: miscellaneous},
     year = 2014,
    month = aug,
   volume = 442,
    pages = {1197-1210},
      doi = {10.1093/mnras/stu933},
   adsurl = {http://adsabs.harvard.edu/abs/2014MNRAS.442.1197H},
  adsnote = {Provided by the SAO/NASA Astrophysics Data System}
}

@ARTICLE{Klypin_Shandarin:83,
   author = {{Klypin}, A.~A. and {Shandarin}, S.~F.},
    title = "{Three-dimensional numerical model of the formation of large-scale structure in the Universe}",
  journal = {\mnras},
 keywords = {Astronomical Models, Cosmology, Galactic Evolution, Galactic Structure, Three Dimensional Models, Universe, Abel Function, Collisionless Plasmas, Correlation, Gravitational Fields},
     year = 1983,
    month = sep,
   volume = 204,
    pages = {891-907},
   adsurl = {http://adsabs.harvard.edu/abs/1983MNRAS.204..891K},
  adsnote = {Provided by the SAO/NASA Astrophysics Data System}
}

@ARTICLE{Klypin_etal:11,
   author = {{Klypin}, A.~A. and {Trujillo-Gomez}, S. and {Primack}, J.},
    title = "{Dark Matter Halos in the Standard Cosmological Model: Results from the Bolshoi Simulation}",
  journal = {\apj},
archivePrefix = "arXiv",
   eprint = {1002.3660},
 primaryClass = "astro-ph.CO",
 keywords = {cosmology: theory, large-scale structure of universe, methods: numerical},
     year = 2011,
    month = oct,
   volume = 740,
      eid = {102},
    pages = {102},
      doi = {10.1088/0004-637X/740/2/102},
   adsurl = {http://adsabs.harvard.edu/abs/2011ApJ...740..102K},
  adsnote = {Provided by the SAO/NASA Astrophysics Data System}
}

@ARTICLE{Knebe_etal:13,
   author = {{Knebe}, A. and {Pearce}, F.~R. and {Lux}, H. and {Ascasibar}, Y. and 
	{Behroozi}, P. and {Casado}, J. and {Moran}, C.~C. and {Diemand}, J. and 
	{Dolag}, K. and {Dominguez-Tenreiro}, R. and {Elahi}, P. and 
	{Falck}, B. and {Gottl{\"o}ber}, S. and {Han}, J. and {Klypin}, A. and 
	{Luki{\'c}}, Z. and {Maciejewski}, M. and {McBride}, C.~K. and 
	{Merch{\'a}n}, M.~E. and {Muldrew}, S.~I. and {Neyrinck}, M. and 
	{Onions}, J. and {Planelles}, S. and {Potter}, D. and {Quilis}, V. and 
	{Rasera}, Y. and {Ricker}, P.~M. and {Roy}, F. and {Ruiz}, A.~N. and 
	{Sgr{\'o}}, M.~A. and {Springel}, V. and {Stadel}, J. and {Sutter}, P.~M. and 
	{Tweed}, D. and {Zemp}, M.},
    title = "{Structure finding in cosmological simulations: the state of affairs}",
  journal = {\mnras},
archivePrefix = "arXiv",
   eprint = {1304.0585},
 primaryClass = "astro-ph.CO",
 keywords = {galaxies: evolution, galaxies: haloes, galaxies: luminosity function, mass function, galaxies: statistics, cosmology: theory, dark matter},
     year = 2013,
    month = oct,
   volume = 435,
    pages = {1618-1658},
      doi = {10.1093/mnras/stt1403},
   adsurl = {http://adsabs.harvard.edu/abs/2013MNRAS.435.1618K},
  adsnote = {Provided by the SAO/NASA Astrophysics Data System}
}

@ARTICLE{Libeskind_etal:10,
   author = {{Libeskind}, N.~I. and {Yepes}, G. and {Knebe}, A. and {Gottl{\"o}ber}, S. and 
	{Hoffman}, Y. and {Knollmann}, S.~R.},
    title = "{Constrained simulations of the Local Group: on the radial distribution of substructures}",
  journal = {\mnras},
archivePrefix = "arXiv",
   eprint = {0909.4423},
 primaryClass = "astro-ph.CO",
 keywords = {galaxies: formation, galaxies: haloes, galaxies: structure, cosmology: theory, dark matter},
     year = 2010,
    month = jan,
   volume = 401,
    pages = {1889-1897},
      doi = {10.1111/j.1365-2966.2009.15766.x},
   adsurl = {http://adsabs.harvard.edu/abs/2010MNRAS.401.1889L},
  adsnote = {Provided by the SAO/NASA Astrophysics Data System}
}

@ARTICLE{Libeskind_etal:11,
   author = {{Libeskind}, N.~I. and {Knebe}, A. and {Hoffman}, Y. and {Gottl{\"o}ber}, S. and 
	{Yepes}, G.},
    title = "{Disentangling the dark matter halo from the stellar halo}",
  journal = {\mnras},
archivePrefix = "arXiv",
   eprint = {1107.4366},
 primaryClass = "astro-ph.CO",
 keywords = {galaxies: haloes, cosmology: theory, dark matter},
     year = 2011,
    month = nov,
   volume = 418,
    pages = {336-345},
      doi = {10.1111/j.1365-2966.2011.19487.x},
   adsurl = {http://adsabs.harvard.edu/abs/2011MNRAS.418..336L},
  adsnote = {Provided by the SAO/NASA Astrophysics Data System}
}

@ARTICLE{Oort:83,
   author = {{Oort}, J.~H.},
    title = "{Superclusters}",
  journal = {\araa},
 keywords = {Astronomical Maps, Galactic Clusters, Galactic Structure, Spatial Distribution, Cosmology, Inhomogeneity, Intergalactic Media, Polar Caps, Red Shift},
     year = 1983,
   volume = 21,
    pages = {373-428},
      doi = {10.1146/annurev.aa.21.090183.002105},
   adsurl = {http://adsabs.harvard.edu/abs/1983ARA%26A..21..373O},
  adsnote = {Provided by the SAO/NASA Astrophysics Data System}
}

@ARTICLE{Press_Schechter:74,
   author = {{Press}, W.~H. and {Schechter}, P.},
    title = "{Formation of Galaxies and Clusters of Galaxies by Self-Similar Gravitational Condensation}",
  journal = {\apj},
     year = 1974,
    month = feb,
   volume = 187,
    pages = {425-438},
      doi = {10.1086/152650},
   adsurl = {http://adsabs.harvard.edu/abs/1974ApJ...187..425P},
  adsnote = {Provided by the SAO/NASA Astrophysics Data System}
}

@ARTICLE{Schaap_Weygaert:00,
   author = {{Schaap}, W.~E. and {van de Weygaert}, R.},
    title = "{Continuous fields and discrete samples: reconstruction through Delaunay tessellations}",
  journal = {\aap},
   eprint = {astro-ph/0011007},
 keywords = {METHODS: N-BODY SIMULATIONS, METHODS: NUMERICAL, METHODS: STATISTICAL, COSMOLOGY: LARGE-SCALE STRUCTURE OF UNIVERSE},
     year = 2000,
    month = nov,
   volume = 363,
    pages = {L29-L32},
   adsurl = {http://adsabs.harvard.edu/abs/2000A%26A...363L..29S},
  adsnote = {Provided by the SAO/NASA Astrophysics Data System}
}

@ARTICLE{Shandarin:11,
   author = {{Shandarin}, S.~F.},
    title = "{The multi-stream flows and the dynamics of the cosmic web}",
  journal = {\jcap},
archivePrefix = "arXiv",
   eprint = {1011.1924},
 primaryClass = "astro-ph.CO",
     year = 2011,
    month = may,
   volume = 5,
      eid = {015},
    pages = {15},
      doi = {10.1088/1475-7516/2011/05/015},
   adsurl = {http://adsabs.harvard.edu/abs/2011JCAP...05..015S},
  adsnote = {Provided by the SAO/NASA Astrophysics Data System}
}

@ARTICLE{Shandarin:83,
   author = {{Shandarin}, S.~F.},
    title = "{Percolation Theory and the Cell / Lattice Structure of the Universe}",
  journal = {Soviet Astronomy Letters},
     year = 1983,
    month = feb,
   volume = 9,
    pages = {104-106},
   adsurl = {http://adsabs.harvard.edu/abs/1983SvAL....9..104S},
  adsnote = {Provided by the SAO/NASA Astrophysics Data System}
}

@ARTICLE{Shandarin_Klypin:84,
   author = {{Shandarin}, S.~F. and {Klypin}, A.~A.},
    title = "{Rich Galaxy Clusters may Result from Largescale Motions Inside Superclusters}",
  journal = {\sovast},
     year = 1984,
    month = oct,
   volume = 28,
    pages = {491-495},
   adsurl = {http://adsabs.harvard.edu/abs/1984SvA....28..491S},
  adsnote = {Provided by the SAO/NASA Astrophysics Data System}
}

@article{Shandarin_Zeldovich:89,
  title = {The large-scale structure of the universe: Turbulence, intermittency, structures in a self-gravitating medium},
  author = {Shandarin, S. and Zeldovich, Ya.},
  journal = {Rev. Mod. Phys.},
  volume = {61},
  issue = {2},
  pages = {185--220},
  numpages = {36},
  year = {1989},
  month = {Apr},
  publisher = {American Physical Society},
  doi = {10.1103/RevModPhys.61.185},
  url = {http://link.aps.org/doi/10.1103/RevModPhys.61.185}
}

@ARTICLE{Shandarin_etal:12,
   author = {{Shandarin}, S. and {Habib}, S. and {Heitmann}, K.},
    title = "{Cosmic web, multistream flows, and tessellations}",
  journal = {\prd},
archivePrefix = "arXiv",
   eprint = {1111.2366},
 primaryClass = "astro-ph.CO",
 keywords = {Galaxy groups clusters and superclusters, large scale structure of the Universe, Superclusters, large-scale structure of the Universe, Cosmology, Origin and formation of the Universe},
     year = 2012,
    month = apr,
   volume = 85,
   number = 8,
      eid = {083005},
    pages = {083005},
      doi = {10.1103/PhysRevD.85.083005},
   adsurl = {http://adsabs.harvard.edu/abs/2012PhRvD..85h3005S},
  adsnote = {Provided by the SAO/NASA Astrophysics Data System}
}

@ARTICLE{Shandarin_Medvedev:14,
   author = {{Shandarin}, S.~F. and {Medvedev}, M.~V.},
    title = "{Tracing the Cosmic Web substructure with Lagrangian submanifold}",
  journal = {ArXiv e-prints},
archivePrefix = "arXiv",
   eprint = {1409.7634},
 keywords = {Astrophysics - Cosmology and Nongalactic Astrophysics},
     year = 2014,
    month = sep,
   adsurl = {http://adsabs.harvard.edu/abs/2014arXiv1409.7634S},
  adsnote = {Provided by the SAO/NASA Astrophysics Data System}
}

@ARTICLE{Sousbie:11,
   author = {{Sousbie}, T.},
    title = "{The persistent cosmic web and its filamentary structure - I. Theory and implementation}",
  journal = {\mnras},
archivePrefix = "arXiv",
   eprint = {1009.4015},
 primaryClass = "astro-ph.CO",
 keywords = {methods: data analysis, methods: numerical, galaxies: formation, galaxies: kinematics and dynamics, cosmology: observations, large-scale structure of Universe},
     year = 2011,
    month = jun,
   volume = 414,
    pages = {350-383},
      doi = {10.1111/j.1365-2966.2011.18394.x},
   adsurl = {http://adsabs.harvard.edu/abs/2011MNRAS.414..350S},
  adsnote = {Provided by the SAO/NASA Astrophysics Data System}
}

@ARTICLE{Sousbie_etal:11,
   author = {{Sousbie}, T. and {Pichon}, C. and {Kawahara}, H.},
    title = "{The persistent cosmic web and its filamentary structure - II. Illustrations}",
  journal = {\mnras},
archivePrefix = "arXiv",
   eprint = {1009.4014},
 primaryClass = "astro-ph.CO",
 keywords = {methods: data analysis, galaxies: formation, galaxies: kinematics and dynamics, cosmology: observations, dark matter, large-scale structure of Universe},
     year = 2011,
    month = jun,
   volume = 414,
    pages = {384-403},
      doi = {10.1111/j.1365-2966.2011.18395.x},
   adsurl = {http://adsabs.harvard.edu/abs/2011MNRAS.414..384S},
  adsnote = {Provided by the SAO/NASA Astrophysics Data System}
}

@ARTICLE{Srisawat_etal:13,
   author = {{Srisawat}, C. and {Knebe}, A. and {Pearce}, F.~R. and {Schneider}, A. and 
	{Thomas}, P.~A. and {Behroozi}, P. and {Dolag}, K. and {Elahi}, P.~J. and 
	{Han}, J. and {Helly}, J. and {Jing}, Y. and {Jung}, I. and 
	{Lee}, J. and {Mao}, Y.-Y. and {Onions}, J. and {Rodriguez-Gomez}, V. and 
	{Tweed}, D. and {Yi}, S.~K.},
    title = "{Sussing Merger Trees: The Merger Trees Comparison Project}",
  journal = {\mnras},
archivePrefix = "arXiv",
   eprint = {1307.3577},
 primaryClass = "astro-ph.CO",
 keywords = {methods: numerical, galaxies: evolution, galaxies: haloes, dark matter},
     year = 2013,
    month = nov,
   volume = 436,
    pages = {150-162},
      doi = {10.1093/mnras/stt1545},
   adsurl = {http://adsabs.harvard.edu/abs/2013MNRAS.436..150S},
  adsnote = {Provided by the SAO/NASA Astrophysics Data System}
}

@ARTICLE{Zeldovich_astrophys:70,
   author = {{Zel'dovich}, Y.~B.},
    title = "{Fragmentation of a homogeneous medium under the action of gravitation}",
  journal = {Astrophysics},
     year = 1970,
    month = apr,
   volume = 6,
    pages = {164-174},
      doi = {10.1007/BF01007263},
   adsurl = {http://adsabs.harvard.edu/abs/1970Ap......6..164Z},
  adsnote = {Provided by the SAO/NASA Astrophysics Data System}
}

@ARTICLE{Zeldovich_aap:70,
   author = {{Zel'dovich}, Y.~B.},
    title = "{Gravitational instability: An approximate theory for large density perturbations.}",
  journal = {\aap},
     year = 1970,
    month = mar,
   volume = 5,
    pages = {84-89},
   adsurl = {http://adsabs.harvard.edu/abs/1970A%26A.....5...84Z},
  adsnote = {Provided by the SAO/NASA Astrophysics Data System}
}

@BOOK{Burgers:74,
author = {{Burgers}, J.~M.},
title = "{The Nonlinear Diffusion Equation}",
publisher = "{Reidel}",
address = {Dordrecht},
year = 1974
}

@MISC{2df,
title = "{http://msowww.anu.edu.au/2dFGRS/}"
}

@MISC{sdss,
title = "{http://www.sdss.org/}"
}

@techreport{Knuth:83,
title	={{The \textsf{WEB} System of
Structured Documentation}},
month	=sep, year = 1983,
author	={Donald E. Knuth},
address	={Stanford, CA 94305},
number	={STAN-CS-83-980},
institution={Department of Computer
Science, Stanford University} }
@phdthesis{Liang:1983,
author	={Franklin Mark Liang},
month	=jun, year = 1983,
school	={Stanford University},
address	={Stanford, CA 94305},
title	={{Word Hy-phen-a-tion by
Com-pu-ter}},
note	={Also available as Stanford
University, Department of
Computer Science Report
No. STAN-CS-83-977} 
}

@ARTICLE{Vogelsberger_etal:11,
   author = {{Vogelsberger}, M. and {White}, S.~D.~M.},
    title = "{Streams and caustics: the fine-grained structure of {$\Lambda$} cold dark matter haloes}",
  journal = {\mnras},
archivePrefix = "arXiv",
   eprint = {1002.3162},
 primaryClass = "astro-ph.CO",
 keywords = {methods: numerical, dark matter},
     year = 2011,
    month = may,
   volume = 413,
    pages = {1419-1438},
      doi = {10.1111/j.1365-2966.2011.18224.x},
   adsurl = {http://adsabs.harvard.edu/abs/2011MNRAS.413.1419V},
  adsnote = {Provided by the SAO/NASA Astrophysics Data System}
}

@ARTICLE{White_etal:83,
   author = {{White}, S.~D.~M. and {Frenk}, C.~S. and {Davis}, M.},
    title = "{Clustering in a neutrino-dominated universe}",
  journal = {\apjl},
 keywords = {Cosmology, Galactic Clusters, Neutrinos, Universe, Computerized Simulation, Correlation, Many Body Problem},
     year = 1983,
    month = nov,
   volume = 274,
    pages = {L1-L5},
      doi = {10.1086/184139},
   adsurl = {http://adsabs.harvard.edu/abs/1983ApJ...274L...1W},
  adsnote = {Provided by the SAO/NASA Astrophysics Data System}
}
@incollection{Weygaert_Schaap:09,
   author = {{van de Weygaert}, R. and {Schaap}, W.},
    title = "{The Cosmic Web: Geometric Analysis}",
booktitle = {Data Analysis in Cosmology},
     year = 2009,
   series = {Lecture Notes in Physics},
   volume = 665,
   publisher = "{Berlin Springer Verlag}",
   editor = {{Mart{\'{\i}}nez}, V.~J. and {Saar}, E. and {Mart{\'{\i}}nez-Gonz{\'a}lez}, E. and 
	{Pons-Border{\'{\i}}a}, M.-J.},
    pages = {291-413},
      doi = {10.1007/978-3-540-44767-2_11},
   adsurl = {http://adsabs.harvard.edu/abs/2009LNP...665..291V},
  adsnote = {Provided by the SAO/NASA Astrophysics Data System}
}

@ARTICLE{Springel:05,
   author = {{Springel}, V.},
    title = "{The cosmological simulation code GADGET-2}",
  journal = {\mnras},
   eprint = {astro-ph/0505010},
 keywords = {methods: numerical, galaxies: interactions, dark matter},
     year = 2005,
    month = dec,
   volume = 364,
    pages = {1105-1134},
      doi = {10.1111/j.1365-2966.2005.09655.x},
   adsurl = {http://adsabs.harvard.edu/abs/2005MNRAS.364.1105S},
  adsnote = {Provided by the SAO/NASA Astrophysics Data System}
}
